@INPROCEEDINGS{MHTKE12a,
  AUTHOR       = {{Membarth}, {Richard} and {Hannig}, {Frank} and {Teich}, {J{\"u}rgen} and {K{\"o}rner}, {Mario} and {Eckert}, {Wieland}},
  BOOKTITLE    = {Proceedings of the 26th IEEE International Parallel and Distributed Processing Symposium (IPDPS)},
  LOCATION     = {Shanghai, China},
  PAGES        = {569--581},
  PUBLISHER    = {IEEE},
  TITLE        = {Generating Device-specific {GPU} Code for Local Operators in Medical Imaging},
  DATE         = {2012-05-21/2012-05-25},
  ISBN         = {978-0-7695-4675-9},
  DOI          = {10.1109/IPDPS.2012.59}
}

@ARTICLE{Hudak96buildingdomain-specific,
    author = {Paul Hudak},
    title = {Building Domain-Specific Embedded Languages},
    journal = {ACM Computing Surveys},
    year = {1996},
    volume = {28}
}

@article{Erdweg:2011:SLS:2076021.2048099,
 author = {Erdweg, Sebastian and Rendel, Tillmann and K\"{a}stner, Christian and Ostermann, Klaus},
 title = {SugarJ: Library-based Syntactic Language Extensibility},
 journal = {SIGPLAN Not.},
 issue_date = {October 2011},
 volume = {46},
 number = {10},
 month = oct,
 year = {2011},
 issn = {0362-1340},
 pages = {391--406},
 numpages = {16},
 url = {http://doi.acm.org/10.1145/2076021.2048099},
 doi = {10.1145/2076021.2048099},
 acmid = {2048099},
 publisher = {ACM},
 address = {New York, NY, USA},
 keywords = {DSL embedding, SugarJ, language composition, language extensibility, libraries, syntactic sugar},
} 

@inproceedings{Erdweg:2011:SLS:2048066.2048099,
 author = {Erdweg, Sebastian and Rendel, Tillmann and K\"{a}stner, Christian and Ostermann, Klaus},
 title = {SugarJ: Library-based Syntactic Language Extensibility},
 booktitle = {Proceedings of the 2011 ACM International Conference on Object Oriented Programming Systems Languages and Applications},
 series = {OOPSLA '11},
 year = {2011},
 isbn = {978-1-4503-0940-0},
 location = {Portland, Oregon, USA},
 pages = {391--406},
 numpages = {16},
 url = {http://doi.acm.org/10.1145/2048066.2048099},
 doi = {10.1145/2048066.2048099},
 acmid = {2048099},
 publisher = {ACM},
 address = {New York, NY, USA},
 keywords = {DSL embedding, SugarJ, language composition, language extensibility, libraries, syntactic sugar},
} 

@article{DBLP:journals/corr/math-NA-9810022,
  author    = {Todd L. Veldhuizen and
               Dennis Gannon},
  title     = {Active Libraries: Rethinking the roles of compilers and
               libraries},
  journal   = {CoRR},
  volume    = {math.NA/9810022},
  year      = {1998},
  ee        = {http://arxiv.org/abs/math.NA/9810022},
  bibsource = {DBLP, http://dblp.uni-trier.de}
}

@article{DBLP:journals/cacm/RompfO12,
  author    = {Tiark Rompf and
               Martin Odersky},
  title     = {Lightweight modular staging: a pragmatic approach to runtime
               code generation and compiled DSLs},
  journal   = {Commun. ACM},
  volume    = {55},
  number    = {6},
  year      = {2012},
  pages     = {121-130},
  ee        = {http://doi.acm.org/10.1145/2184319.2184345},
  bibsource = {DBLP, http://dblp.uni-trier.de}
}
@inproceedings{DBLP:conf/lcpc/YiQ04,
  author    = {Qing Yi and
               Daniel J. Quinlan},
  title     = {Applying Loop Optimizations to Object-Oriented Abstractions
               Through General Classification of Array Semantics},
  booktitle = {LCPC},
  year      = {2004},
  pages     = {253-267},
  ee        = {http://dx.doi.org/10.1007/11532378_19},
  crossref  = {DBLP:conf/lcpc/2004},
  bibsource = {DBLP, http://dblp.uni-trier.de}
}
@proceedings{DBLP:conf/lcpc/2004,
  editor    = {Rudolf Eigenmann and
               Zhiyuan Li and
               Samuel P. Midkiff},
  title     = {Languages and Compilers for High Performance Computing,
               17th International Workshop, LCPC 2004, West Lafayette,
               IN, USA, September 22-24, 2004, Revised Selected Papers},
  booktitle = {LCPC},
  publisher = {Springer},
  series    = {Lecture Notes in Computer Science},
  volume    = {3602},
  year      = {2005},
  isbn      = {3-540-28009-X},
  bibsource = {DBLP, http://dblp.uni-trier.de}
}

@article{DBLP:journals/scp/RussellMKB11,
  author    = {Francis P. Russell and
               Michael R. Mellor and
               Paul H. J. Kelly and
               Olav Beckmann},
  title     = {DESOLA: An active linear algebra library using delayed evaluation
               and runtime code generation},
  journal   = {Sci. Comput. Program.},
  volume    = {76},
  number    = {4},
  year      = {2011},
  pages     = {227-242},
  ee        = {http://dx.doi.org/10.1016/j.scico.2008.06.002},
  bibsource = {DBLP, http://dblp.uni-trier.de}
}